% @book{guerreiro:2020:CDElectureslides,
% 	title={Lecture Slides for Control and Decision in Energy },
% 	author={Bruno Guerreiro},
% 	year={2020},
% 	publisher={UNL}
% }
% @book{wang:2009:MPCmatlab,
% 	title={Model Predictive Control System Design and Implem. Using MATLAB},
% 	author={Liuping Wang},
% 	year={2009},
% 	publisher={Springer},
% }

% @book{borrelli:2017:PCHybrid,
% 	title={Predictive Control for Linear and Hybrid Systems},
% 	author={F. Borrelli and A. Bemporad and M. Morari},
% 	year={2017},
% 	publisher={Cambridge}
% }