

@book{Ding2012,
author = {Ding, Baocang and Cychowski, Marcin T. and Xi, Yugeng and Cai, Wenjian and Huang, Biao},
booktitle = {Journal of Control Science and Engineering},
doi = {10.1155/2012/240898},
file = {:D\:/joaom/Documents/papers/MPC-book-2nd-edition-3rd-printing.pdf:pdf},
isbn = {2020942771},
issn = {16875249},
title = {{Model predictive control}},
volume = {2012},
year = {2012}
}
@article{Guerreiro2021,
author = {Guerreiro, B},
file = {:D\:/joaom/Documents/Mestrado/CSCF/teorica/CPCS_Module_4_DistMPC(1).pdf:pdf},
number = {September},
title = {{Cyber-Physical Control Systems}},
year = {2021}
}
 
@article{Guerreiro2022,
author = {Guerreiro, B},
file = {:D\:/joaom/Documents/Mestrado/CSCF/Lab2/CPCS_Project_2.pdf:pdf},
mendeley-groups = {CPCS},
pages = {2021--2023},
title = {{Project 2 Cooperative platooning cruise control Two-follower problem}},
year = {2022}
}
